%YAML 1.1
%TAG !u! tag:unity3d.com,2011:
--- !u!1 &101886
GameObject:
  m_ObjectHideFlags: 0
  m_PrefabParentObject: {fileID: 0}
  m_PrefabInternal: {fileID: 100100000}
  serializedVersion: 4
  m_Component:
  - 4: {fileID: 401886}
  - 114: {fileID: 11401886}
  m_Layer: 0
  m_Name: crater
  m_TagString: Untagged
  m_Icon: {fileID: 0}
  m_NavMeshLayer: 0
  m_StaticEditorFlags: 0
  m_IsActive: 1
--- !u!1 &101888
GameObject:
  m_ObjectHideFlags: 0
  m_PrefabParentObject: {fileID: 0}
  m_PrefabInternal: {fileID: 100100000}
  serializedVersion: 4
  m_Component:
  - 4: {fileID: 401888}
  - 114: {fileID: 11401888}
  m_Layer: 11
  m_Name: Particle3
  m_TagString: Untagged
  m_Icon: {fileID: 0}
  m_NavMeshLayer: 0
  m_StaticEditorFlags: 0
  m_IsActive: 1
--- !u!1 &101890
GameObject:
  m_ObjectHideFlags: 0
  m_PrefabParentObject: {fileID: 0}
  m_PrefabInternal: {fileID: 100100000}
  serializedVersion: 4
  m_Component:
  - 4: {fileID: 401890}
  - 114: {fileID: 11401890}
  m_Layer: 0
  m_Name: Smoke Animation
  m_TagString: Untagged
  m_Icon: {fileID: 0}
  m_NavMeshLayer: 0
  m_StaticEditorFlags: 0
  m_IsActive: 1
--- !u!1 &101892
GameObject:
  m_ObjectHideFlags: 0
  m_PrefabParentObject: {fileID: 0}
  m_PrefabInternal: {fileID: 100100000}
  serializedVersion: 4
  m_Component:
  - 4: {fileID: 401892}
  - 114: {fileID: 11401892}
  m_Layer: 11
  m_Name: Particle3
  m_TagString: Untagged
  m_Icon: {fileID: 0}
  m_NavMeshLayer: 0
  m_StaticEditorFlags: 0
  m_IsActive: 1
--- !u!1 &101894
GameObject:
  m_ObjectHideFlags: 0
  m_PrefabParentObject: {fileID: 0}
  m_PrefabInternal: {fileID: 100100000}
  serializedVersion: 4
  m_Component:
  - 4: {fileID: 401894}
  - 114: {fileID: 11401894}
  m_Layer: 0
  m_Name: FlameGlow
  m_TagString: Untagged
  m_Icon: {fileID: 0}
  m_NavMeshLayer: 0
  m_StaticEditorFlags: 0
  m_IsActive: 1
--- !u!1 &101896
GameObject:
  m_ObjectHideFlags: 0
  m_PrefabParentObject: {fileID: 0}
  m_PrefabInternal: {fileID: 100100000}
  serializedVersion: 4
  m_Component:
  - 4: {fileID: 401896}
  - 114: {fileID: 11401896}
  m_Layer: 0
  m_Name: Particle4
  m_TagString: Untagged
  m_Icon: {fileID: 0}
  m_NavMeshLayer: 0
  m_StaticEditorFlags: 0
  m_IsActive: 1
--- !u!4 &401886
Transform:
  m_ObjectHideFlags: 1
  m_PrefabParentObject: {fileID: 0}
  m_PrefabInternal: {fileID: 100100000}
  m_GameObject: {fileID: 101886}
  m_LocalRotation: {x: 0, y: 0, z: 0, w: 1}
  m_LocalPosition: {x: 0, y: 0, z: 0}
  m_LocalScale: {x: 1, y: 1, z: 1}
  m_Children:
  - {fileID: 401888}
  - {fileID: 401890}
  - {fileID: 401892}
  - {fileID: 401894}
  - {fileID: 401896}
  m_Father: {fileID: 0}
  m_RootOrder: 0
--- !u!4 &401888
Transform:
  m_ObjectHideFlags: 1
  m_PrefabParentObject: {fileID: 0}
  m_PrefabInternal: {fileID: 100100000}
  m_GameObject: {fileID: 101888}
  m_LocalRotation: {x: 0, y: 0, z: 0, w: 1}
  m_LocalPosition: {x: 0, y: 0, z: 0}
  m_LocalScale: {x: 1, y: 1, z: 1}
  m_Children: []
  m_Father: {fileID: 401886}
  m_RootOrder: 0
--- !u!4 &401890
Transform:
  m_ObjectHideFlags: 1
  m_PrefabParentObject: {fileID: 0}
  m_PrefabInternal: {fileID: 100100000}
  m_GameObject: {fileID: 101890}
  m_LocalRotation: {x: 0, y: 0, z: 0, w: 1}
  m_LocalPosition: {x: -0, y: .600000024, z: 0}
  m_LocalScale: {x: 1, y: 1, z: 1}
  m_Children: []
  m_Father: {fileID: 401886}
  m_RootOrder: 1
--- !u!4 &401892
Transform:
  m_ObjectHideFlags: 1
  m_PrefabParentObject: {fileID: 0}
  m_PrefabInternal: {fileID: 100100000}
  m_GameObject: {fileID: 101892}
  m_LocalRotation: {x: 0, y: 0, z: 0, w: 1}
  m_LocalPosition: {x: 0, y: 0, z: 0}
  m_LocalScale: {x: 1, y: 1, z: 1}
  m_Children: []
  m_Father: {fileID: 401886}
  m_RootOrder: 2
--- !u!4 &401894
Transform:
  m_ObjectHideFlags: 1
  m_PrefabParentObject: {fileID: 0}
  m_PrefabInternal: {fileID: 100100000}
  m_GameObject: {fileID: 101894}
  m_LocalRotation: {x: 0, y: 0, z: 0, w: 1}
  m_LocalPosition: {x: 0, y: 0, z: -0}
  m_LocalScale: {x: 1, y: 1, z: 1}
  m_Children: []
  m_Father: {fileID: 401886}
  m_RootOrder: 3
--- !u!4 &401896
Transform:
  m_ObjectHideFlags: 1
  m_PrefabParentObject: {fileID: 0}
  m_PrefabInternal: {fileID: 100100000}
  m_GameObject: {fileID: 101896}
  m_LocalRotation: {x: 0, y: 0, z: 0, w: 1}
  m_LocalPosition: {x: 0, y: 0, z: 0}
  m_LocalScale: {x: 1, y: 1, z: 1}
  m_Children: []
  m_Father: {fileID: 401886}
  m_RootOrder: 4
--- !u!114 &11401886
MonoBehaviour:
  m_ObjectHideFlags: 1
  m_PrefabParentObject: {fileID: 0}
  m_PrefabInternal: {fileID: 100100000}
  m_GameObject: {fileID: 101886}
  m_Enabled: 1
  m_EditorHideFlags: 0
  m_Script: {fileID: 11500000, guid: 31e31838b0476f14ea97697da6957b42, type: 3}
  m_Name: 
  m_EditorClassIdentifier: 
  LifeTime: -1
  IgnoreTimeScale: 0
  EditView: 0
  Scale: 1
--- !u!114 &11401888
MonoBehaviour:
  m_ObjectHideFlags: 1
  m_PrefabParentObject: {fileID: 0}
  m_PrefabInternal: {fileID: 100100000}
  m_GameObject: {fileID: 101888}
  m_Enabled: 1
  m_EditorHideFlags: 0
  m_Script: {fileID: 11500000, guid: 4eaa492ec72a57543b3ace7c81409998, type: 3}
  m_Name: 
  m_EditorClassIdentifier: 
  VersionIdentifier1: 222
  ClientTransform: {fileID: 401888}
  SyncClient: 0
  Material: {fileID: 2100000, guid: 6622c435b4f284cb787ee3df01a5051a, type: 2}
  RenderType: 0
  StartTime: 0
  MaxFps: 60
  DebugColor: {r: 1, g: 1, b: 1, a: 1}
  Depth: 0
  SpriteType: 4
  OriPoint: 0
  SpriteWidth: 1
  SpriteHeight: 1
  SpriteUVStretch: 0
  RandomOriScale: 1
  RandomOriRot: 1
  IsTowardZ: 0
  OriRotationMin: 0
  OriRotationMax: 360
  RotAffectorEnable: 1
  RotateType: 1
  DeltaRot: 0
  RotateCurve:
    serializedVersion: 2
    m_Curve:
    - time: 0
      value: 0
      inSlope: 0
      outSlope: 0
      tangentMode: 0
    - time: 1
      value: 360
      inSlope: 0
      outSlope: 0
      tangentMode: 0
    m_PreInfinity: 2
    m_PostInfinity: 2
  RotateCurveWrap: 0
  RotateCurveTime: 1
  RotateCurveMaxValue: 1
  RotateCurve01:
    serializedVersion: 2
    m_Curve:
    - time: 0
      value: 0
      inSlope: 0
      outSlope: 0
      tangentMode: 0
    - time: 1
      value: 1
      inSlope: 0
      outSlope: 0
      tangentMode: 0
    m_PreInfinity: 2
    m_PostInfinity: 2
  RotateSpeedMin: 0
  RotateSpeedMax: 0
  OriScaleXMin: 4
  OriScaleXMax: 4
  OriScaleYMin: 4
  OriScaleYMax: 4
  OriScaleZ: 1
  ScaleAffectorEnable: 0
  ScaleType: 0
  DeltaScaleX: 0
  DeltaScaleY: 0
  IsScaleZ: 0
  ScaleZCurveNew:
    serializedVersion: 2
    m_Curve:
    - time: 0
      value: 1
      inSlope: 0
      outSlope: 0
      tangentMode: 0
    - time: 1
      value: 1
      inSlope: 0
      outSlope: 0
      tangentMode: 0
    m_PreInfinity: 2
    m_PostInfinity: 2
  ScaleXCurve:
    serializedVersion: 2
    m_Curve:
    - time: 0
      value: 1
      inSlope: 0
      outSlope: 0
      tangentMode: 0
    - time: 1
      value: 5
      inSlope: 0
      outSlope: 0
      tangentMode: 0
    m_PreInfinity: 2
    m_PostInfinity: 2
  ScaleYCurve:
    serializedVersion: 2
    m_Curve:
    - time: 0
      value: 1
      inSlope: 0
      outSlope: 0
      tangentMode: 0
    - time: 1
      value: 5
      inSlope: 0
      outSlope: 0
      tangentMode: 0
    m_PreInfinity: 2
    m_PostInfinity: 2
  ScaleWrapMode: 0
  ScaleCurveTime: -1
  MaxScaleCalue: 1
  ScaleXCurveNew:
    serializedVersion: 2
    m_Curve:
    - time: 0
      value: 1
      inSlope: 0
      outSlope: 0
      tangentMode: 0
    - time: 1
      value: 1
      inSlope: 0
      outSlope: 0
      tangentMode: 0
    m_PreInfinity: 2
    m_PostInfinity: 2
  ScaleYCurveNew:
    serializedVersion: 2
    m_Curve:
    - time: 0
      value: 1
      inSlope: 0
      outSlope: 0
      tangentMode: 0
    - time: 1
      value: 1
      inSlope: 0
      outSlope: 0
      tangentMode: 0
    m_PreInfinity: 2
    m_PostInfinity: 2
  UseSameScaleCurve: 0
  DeltaScaleXMax: 0
  DeltaScaleYMax: 0
  ColorAffectorEnable: 0
  ColorAffectType: 0
  ColorGradualTimeLength: -1
  ColorGradualType: 0
  Color1: {r: 1, g: 1, b: 1, a: 1}
  Color2: {r: 0, g: 0, b: 0, a: 0}
  Color3: {r: 0, g: 0, b: 0, a: 0}
  Color4: {r: 0, g: 0, b: 0, a: 0}
  Color5: {r: 0, g: 0, b: 0, a: 0}
  ColorChangeType: 0
  ColorParam:
    Colors:
    - t: 0
      Color: {r: 1, g: 1, b: 1, a: 1}
  ColorGradualCurve:
    serializedVersion: 2
    m_Curve:
    - time: 0
      value: 0
      inSlope: 0
      outSlope: 0
      tangentMode: 0
    - time: 1
      value: 1
      inSlope: 0
      outSlope: 0
      tangentMode: 0
    m_PreInfinity: 2
    m_PostInfinity: 2
  RibbonWidth: 1
  MaxRibbonElements: 8
  RibbonLen: 15
  TailDistance: 0
  StretchType: 0
  FaceToObject: 0
  FaceObject: {fileID: 0}
  IsWeapon: 0
  IsScale: 0
  UseRandomRibbon: 0
  RibbonWidthMin: 1
  RibbonWidthMax: 1
  RibbonLenMin: 15
  RibbonLenMax: 15
  ConeSize: {x: 1, y: 1}
  ConeAngle: 0
  ConeSegment: 4
  UseConeAngleChange: 0
  ConeDeltaAngle:
    serializedVersion: 2
    m_Curve:
    - time: 0
      value: 0
      inSlope: 0
      outSlope: 0
      tangentMode: 0
    - time: 1
      value: 60
      inSlope: 0
      outSlope: 0
      tangentMode: 0
    m_PreInfinity: 2
    m_PostInfinity: 2
  CMesh: {fileID: 0}
  EmitType: 0
  BoxSize: {x: 0, y: 0, z: 0}
  EmitPoint: {x: 0, y: 0, z: 0}
  Radius: 0
  UseRandomCircle: 0
  CircleRadiusMin: 1
  CircleRadiusMax: 10
  CircleDir: {x: 0, y: 1, z: 0}
  EmitUniform: 0
  LineLengthLeft: -1
  LineLengthRight: 1
  MaxENodes: 10
  IsNodeLifeLoop: 1
  NodeLifeMin: 5
  NodeLifeMax: 10
  EmitWay: 0
  EmitterCurve:
    serializedVersion: 2
    m_Curve:
    - time: 0
      value: 0
      inSlope: 0
      outSlope: 0
      tangentMode: 0
    - time: 1
      value: 10
      inSlope: 0
      outSlope: 0
      tangentMode: 0
    m_PreInfinity: 2
    m_PostInfinity: 2
  DiffDistance: .100000001
  EmitMesh: {fileID: 0}
  EmitMeshType: 0
  IsBurstEmit: 1
  ChanceToEmit: 100
  EmitDuration: 1
  EmitRate: 1
  EmitLoop: -1
  EmitDelay: 0
  DirType: 0
  DirCenter: {fileID: 401888}
  OriVelocityAxis: {x: 0, y: 1, z: 0}
  AngleAroundAxis: 0
  UseRandomDirAngle: 0
  AngleAroundAxisMax: 0
  OriSpeed: 0
  AlwaysSyncRotation: 0
  IsRandomSpeed: 0
  SpeedMin: 0
  SpeedMax: 0
  JetAffectorEnable: 0
  JetMagType: 0
  JetMag: 0
  JetCurve:
    serializedVersion: 2
    m_Curve: []
    m_PreInfinity: 2
    m_PostInfinity: 2
  JetMin: 0
  JetMax: 0
  VortexAffectorEnable: 0
  VortexMagType: 0
  VortexMag: 1
  VortexMagMax: 1
  VortexCurve:
    serializedVersion: 2
    m_Curve: []
    m_PreInfinity: 2
    m_PostInfinity: 2
  VortexDirection: {x: 0, y: 1, z: 0}
  VortexInheritRotation: 1
  VortexObj: {fileID: 401888}
  IsFixedCircle: 0
  VortexTime: -1
  IsRandomVortexDir: 0
  IsVortexAccelerate: 0
  VortexAttenuation: 0
  UseVortexMaxDistance: 0
  VortexMaxDistance: 0
  UVRotAffectorEnable: 0
  RandomUVRotateSpeed: 0
  UVRotXSpeed: 0
  UVRotYSpeed: 0
  UVRotXSpeedMax: 0
  UVRotYSpeedMax: 0
  GravityAffectorEnable: 0
  GravityAftType: 0
  GravityMagType: 0
  GravityMag: 0
  GravityCurve:
    serializedVersion: 2
    m_Curve: []
    m_PreInfinity: 2
    m_PostInfinity: 2
  GravityDirection: {x: 0, y: 1, z: 0}
  GravityObject: {fileID: 401888}
  IsGravityAccelerate: 1
  IsSine: 0
  SineFreq: 1
  SineAffectorEnable: 0
  SineForce: {x: 0, y: 1, z: 0}
  ModifyPos: 1
  SineMaxFreq: 5
  SineMinFreq: 1
  AirAffectorEnable: 0
  AirObject: {fileID: 401888}
  AirMagType: 0
  AirMagnitude: 0
  AirMagCurve:
    serializedVersion: 2
    m_Curve: []
    m_PreInfinity: 2
    m_PostInfinity: 2
  AirDirection: {x: 0, y: 0, z: 0}
  AirAttenuation: 0
  AirUseMaxDistance: 0
  AirMaxDistance: 0
  AirEnableSpread: 0
  AirSpread: 0
  AirInheritVelocity: 0
  AirInheritRotation: 0
  BombAffectorEnable: 0
  BombObject: {fileID: 401888}
  BombType: 1
  BombDecayType: 0
  BombMagType: 0
  BombMagnitude: 0
  BombMagCurve:
    serializedVersion: 2
    m_Curve: []
    m_PreInfinity: 2
    m_PostInfinity: 2
  BombAxis: {x: 0, y: 0, z: 0}
  BombDecay: 0
  TurbulenceAffectorEnable: 0
  TurbulenceObject: {fileID: 401888}
  TurbulenceMagType: 0
  TurbulenceMagnitude: 0
  TurbulenceMagCurve:
    serializedVersion: 2
    m_Curve: []
    m_PreInfinity: 2
    m_PostInfinity: 2
  TurbulenceAttenuation: 0
  TurbulenceUseMaxDistance: 0
  TurbulenceMaxDistance: 0
  DragAffectorEnable: 0
  DragObj: {fileID: 401888}
  DragUseDir: 0
  DragDir: {x: 0, y: 1, z: 0}
  DragMag: 10
  DragUseMaxDist: 0
  DragMaxDist: 50
  DragAtten: 0
  UVAffectorEnable: 0
  UVType: 0
  OriTopLeftUV: {x: 0, y: 0}
  OriUVDimensions: {x: 1, y: 1}
  Cols: 1
  Rows: 1
  LoopCircles: -1
  UVTime: -1
  EanPath: none
  EanIndex: 0
  RandomStartFrame: 0
  UseCollisionDetection: 0
  ParticleRadius: 1
  CollisionType: 0
  CollisionAutoDestroy: 1
  EventReceiver: {fileID: 0}
  EventHandleFunctionName: ' '
  CollisionGoal: {fileID: 0}
  ColliisionPosRange: 0
  CollisionLayer:
    serializedVersion: 2
    m_Bits: 0
  JumpHeight: .300000012
  CollisionOffset: 0
  PlaneDir: {x: 0, y: 1, z: 0}
  PlaneOffset: {x: 0, y: 0, z: 0}
  UseSubEmitters: 0
  SpawnCache: {fileID: 0}
  BirthSubEmitter: 
  CollisionSubEmitter: 
  DeathSubEmitter: 
  AvailableNodeCount: 9
  LastClientPos: {x: 0, y: 0, z: 0}
  MyCamera: {fileID: 0}
  Owner: {fileID: 11401886}
  mStopped: 0
--- !u!114 &11401890
MonoBehaviour:
  m_ObjectHideFlags: 1
  m_PrefabParentObject: {fileID: 0}
  m_PrefabInternal: {fileID: 100100000}
  m_GameObject: {fileID: 101890}
  m_Enabled: 1
  m_EditorHideFlags: 0
  m_Script: {fileID: 11500000, guid: 4eaa492ec72a57543b3ace7c81409998, type: 3}
  m_Name: 
  m_EditorClassIdentifier: 
  VersionIdentifier1: 222
  ClientTransform: {fileID: 401890}
  SyncClient: 0
  Material: {fileID: 2100000, guid: f8afb17c4a6a644ceb2d93126c85b48f, type: 2}
  RenderType: 0
  StartTime: 0
  MaxFps: 60
  DebugColor: {r: 1, g: 1, b: 1, a: 1}
  Depth: 0
  SpriteType: 1
  OriPoint: 0
  SpriteWidth: 1
  SpriteHeight: 1
  SpriteUVStretch: 0
  RandomOriScale: 0
  RandomOriRot: 1
  IsTowardZ: 0
  OriRotationMin: 0
  OriRotationMax: 360
  RotAffectorEnable: 1
  RotateType: 1
  DeltaRot: 0
  RotateCurve:
    serializedVersion: 2
    m_Curve:
    - time: 0
      value: 0
      inSlope: 0
      outSlope: 0
      tangentMode: 0
    - time: 1
      value: 360
      inSlope: 0
      outSlope: 0
      tangentMode: 0
    m_PreInfinity: 2
    m_PostInfinity: 2
  RotateCurveWrap: 0
  RotateCurveTime: 1
  RotateCurveMaxValue: 1
  RotateCurve01:
    serializedVersion: 2
    m_Curve:
    - time: 0
      value: 0
      inSlope: 0
      outSlope: 0
      tangentMode: 0
    - time: 1
      value: 1
      inSlope: 0
      outSlope: 0
      tangentMode: 0
    m_PreInfinity: 2
    m_PostInfinity: 2
  RotateSpeedMin: 0
  RotateSpeedMax: 0
  OriScaleXMin: .5
  OriScaleXMax: .5
  OriScaleYMin: .5
  OriScaleYMax: .5
  OriScaleZ: 1
  ScaleAffectorEnable: 1
  ScaleType: 3
  DeltaScaleX: 0
  DeltaScaleY: 0
  IsScaleZ: 0
  ScaleZCurveNew:
    serializedVersion: 2
    m_Curve:
    - time: 0
      value: 1
      inSlope: 0
      outSlope: 0
      tangentMode: 0
    - time: 1
      value: 1
      inSlope: 0
      outSlope: 0
      tangentMode: 0
    m_PreInfinity: 2
    m_PostInfinity: 2
  ScaleXCurve:
    serializedVersion: 2
    m_Curve:
    - time: 0
      value: 1
      inSlope: 0
      outSlope: 0
      tangentMode: 0
    - time: 1
      value: 5
      inSlope: 0
      outSlope: 0
      tangentMode: 0
    m_PreInfinity: 2
    m_PostInfinity: 2
  ScaleYCurve:
    serializedVersion: 2
    m_Curve:
    - time: 0
      value: 1
      inSlope: 0
      outSlope: 0
      tangentMode: 0
    - time: 1
      value: 5
      inSlope: 0
      outSlope: 0
      tangentMode: 0
    m_PreInfinity: 2
    m_PostInfinity: 2
  ScaleWrapMode: 1
  ScaleCurveTime: -1
  MaxScaleCalue: 5.34499979
  ScaleXCurveNew:
    serializedVersion: 2
    m_Curve:
    - time: 0
      value: .374181479
      inSlope: 0
      outSlope: 0
      tangentMode: 0
    - time: 1
      value: 1
      inSlope: 0
      outSlope: 0
      tangentMode: 0
    m_PreInfinity: 2
    m_PostInfinity: 2
  ScaleYCurveNew:
    serializedVersion: 2
    m_Curve:
    - time: 0
      value: 1
      inSlope: 0
      outSlope: 0
      tangentMode: 0
    - time: 1
      value: 1
      inSlope: 0
      outSlope: 0
      tangentMode: 0
    m_PreInfinity: 2
    m_PostInfinity: 2
  UseSameScaleCurve: 1
  DeltaScaleXMax: 0
  DeltaScaleYMax: 0
  ColorAffectorEnable: 1
  ColorAffectType: 0
  ColorGradualTimeLength: -1
  ColorGradualType: 1
  Color1: {r: 1, g: 1, b: 1, a: 1}
  Color2: {r: 0, g: 0, b: 0, a: 0}
  Color3: {r: 0, g: 0, b: 0, a: 0}
  Color4: {r: 0, g: 0, b: 0, a: 0}
  Color5: {r: 0, g: 0, b: 0, a: 0}
  ColorChangeType: 1
  ColorParam:
    Colors:
    - t: 0
      Color: {r: 0, g: 0, b: 0, a: 0}
    - t: .284512013
      Color: {r: .101961002, g: .141176, b: .141176, a: .243137002}
    - t: .56397301
      Color: {r: .427451015, g: .388235003, b: .349020004, a: .392156988}
    - t: 1
      Color: {r: 0, g: 0, b: 0, a: 0}
  ColorGradualCurve:
    serializedVersion: 2
    m_Curve:
    - time: 0
      value: 0
      inSlope: 0
      outSlope: 0
      tangentMode: 0
    - time: 1
      value: 1
      inSlope: 0
      outSlope: 0
      tangentMode: 0
    m_PreInfinity: 2
    m_PostInfinity: 2
  RibbonWidth: 1
  MaxRibbonElements: 8
  RibbonLen: 15
  TailDistance: 0
  StretchType: 0
  FaceToObject: 0
  FaceObject: {fileID: 0}
  IsWeapon: 0
  IsScale: 0
  UseRandomRibbon: 0
  RibbonWidthMin: 1
  RibbonWidthMax: 1
  RibbonLenMin: 15
  RibbonLenMax: 15
  ConeSize: {x: 1, y: 1}
  ConeAngle: 0
  ConeSegment: 4
  UseConeAngleChange: 0
  ConeDeltaAngle:
    serializedVersion: 2
    m_Curve:
    - time: 0
      value: 0
      inSlope: 0
      outSlope: 0
      tangentMode: 0
    - time: 1
      value: 60
      inSlope: 0
      outSlope: 0
      tangentMode: 0
    m_PreInfinity: 2
    m_PostInfinity: 2
  CMesh: {fileID: 0}
  EmitType: 3
  BoxSize: {x: 0, y: 0, z: 0}
  EmitPoint: {x: 0, y: 0, z: 0}
  Radius: 0
  UseRandomCircle: 1
  CircleRadiusMin: 0
  CircleRadiusMax: 1
  CircleDir: {x: 0, y: 1, z: 0}
  EmitUniform: 0
  LineLengthLeft: -1
  LineLengthRight: 1
  MaxENodes: 8
  IsNodeLifeLoop: 0
  NodeLifeMin: 3
  NodeLifeMax: 4
  EmitWay: 0
  EmitterCurve:
    serializedVersion: 2
    m_Curve:
    - time: 0
      value: 0
      inSlope: 0
      outSlope: 0
      tangentMode: 0
    - time: 1
      value: 10
      inSlope: 0
      outSlope: 0
      tangentMode: 0
    m_PreInfinity: 2
    m_PostInfinity: 2
  DiffDistance: .100000001
  EmitMesh: {fileID: 0}
  EmitMeshType: 0
  IsBurstEmit: 0
  ChanceToEmit: 100
  EmitDuration: 10
  EmitRate: 2
  EmitLoop: -1
  EmitDelay: 0
  DirType: 1
  DirCenter: {fileID: 401890}
  OriVelocityAxis: {x: 0, y: 1, z: 0}
  AngleAroundAxis: 0
  UseRandomDirAngle: 1
  AngleAroundAxisMax: 10
  OriSpeed: .600000024
  AlwaysSyncRotation: 0
  IsRandomSpeed: 0
  SpeedMin: 0
  SpeedMax: 0
  JetAffectorEnable: 0
  JetMagType: 0
  JetMag: 0
  JetCurve:
    serializedVersion: 2
    m_Curve: []
    m_PreInfinity: 2
    m_PostInfinity: 2
  JetMin: 0
  JetMax: 0
  VortexAffectorEnable: 0
  VortexMagType: 0
  VortexMag: 1
  VortexMagMax: 1
  VortexCurve:
    serializedVersion: 2
    m_Curve: []
    m_PreInfinity: 2
    m_PostInfinity: 2
  VortexDirection: {x: 0, y: 1, z: 0}
  VortexInheritRotation: 1
  VortexObj: {fileID: 401890}
  IsFixedCircle: 0
  VortexTime: -1
  IsRandomVortexDir: 0
  IsVortexAccelerate: 0
  VortexAttenuation: 0
  UseVortexMaxDistance: 0
  VortexMaxDistance: 0
  UVRotAffectorEnable: 0
  RandomUVRotateSpeed: 0
  UVRotXSpeed: 0
  UVRotYSpeed: 0
  UVRotXSpeedMax: 0
  UVRotYSpeedMax: 0
  GravityAffectorEnable: 1
  GravityAftType: 0
  GravityMagType: 0
  GravityMag: .600000024
  GravityCurve:
    serializedVersion: 2
    m_Curve: []
    m_PreInfinity: 2
    m_PostInfinity: 2
  GravityDirection: {x: 1, y: 0, z: 0}
  GravityObject: {fileID: 401890}
  IsGravityAccelerate: 1
  IsSine: 0
  SineFreq: 1
  SineAffectorEnable: 0
  SineForce: {x: 0, y: 1, z: 0}
  ModifyPos: 1
  SineMaxFreq: 5
  SineMinFreq: 1
  AirAffectorEnable: 0
  AirObject: {fileID: 401890}
  AirMagType: 0
  AirMagnitude: 0
  AirMagCurve:
    serializedVersion: 2
    m_Curve: []
    m_PreInfinity: 2
    m_PostInfinity: 2
  AirDirection: {x: 0, y: 0, z: 0}
  AirAttenuation: 0
  AirUseMaxDistance: 0
  AirMaxDistance: 0
  AirEnableSpread: 0
  AirSpread: 0
  AirInheritVelocity: 0
  AirInheritRotation: 0
  BombAffectorEnable: 0
  BombObject: {fileID: 401890}
  BombType: 1
  BombDecayType: 0
  BombMagType: 0
  BombMagnitude: 0
  BombMagCurve:
    serializedVersion: 2
    m_Curve: []
    m_PreInfinity: 2
    m_PostInfinity: 2
  BombAxis: {x: 0, y: 0, z: 0}
  BombDecay: 0
  TurbulenceAffectorEnable: 0
  TurbulenceObject: {fileID: 401890}
  TurbulenceMagType: 0
  TurbulenceMagnitude: 0
  TurbulenceMagCurve:
    serializedVersion: 2
    m_Curve: []
    m_PreInfinity: 2
    m_PostInfinity: 2
  TurbulenceAttenuation: 0
  TurbulenceUseMaxDistance: 0
  TurbulenceMaxDistance: 0
  DragAffectorEnable: 0
  DragObj: {fileID: 401890}
  DragUseDir: 0
  DragDir: {x: 0, y: 1, z: 0}
  DragMag: 10
  DragUseMaxDist: 0
  DragMaxDist: 50
  DragAtten: 0
  UVAffectorEnable: 1
  UVType: 1
  OriTopLeftUV: {x: 0, y: 0}
  OriUVDimensions: {x: 1, y: 1}
  Cols: 8
  Rows: 8
  LoopCircles: -1
  UVTime: 4.26666689
  EanPath: none
  EanIndex: 0
  RandomStartFrame: 0
  UseCollisionDetection: 0
  ParticleRadius: 1
  CollisionType: 0
  CollisionAutoDestroy: 1
  EventReceiver: {fileID: 0}
  EventHandleFunctionName: ' '
  CollisionGoal: {fileID: 0}
  ColliisionPosRange: 0
  CollisionLayer:
    serializedVersion: 2
    m_Bits: 0
  JumpHeight: .300000012
  CollisionOffset: 0
  PlaneDir: {x: 0, y: 1, z: 0}
  PlaneOffset: {x: 0, y: 0, z: 0}
  UseSubEmitters: 0
  SpawnCache: {fileID: 0}
  BirthSubEmitter: 
  CollisionSubEmitter: 
  DeathSubEmitter: 
  AvailableNodeCount: 1
  LastClientPos: {x: 0, y: .600000024, z: 0}
  MyCamera: {fileID: 0}
  Owner: {fileID: 11401886}
  mStopped: 0
--- !u!114 &11401892
MonoBehaviour:
  m_ObjectHideFlags: 1
  m_PrefabParentObject: {fileID: 0}
  m_PrefabInternal: {fileID: 100100000}
  m_GameObject: {fileID: 101892}
  m_Enabled: 1
  m_EditorHideFlags: 0
  m_Script: {fileID: 11500000, guid: 4eaa492ec72a57543b3ace7c81409998, type: 3}
  m_Name: 
  m_EditorClassIdentifier: 
  VersionIdentifier1: 222
  ClientTransform: {fileID: 401892}
  SyncClient: 0
  Material: {fileID: 2100000, guid: 592d805b80dab43718e422a6785fcaed, type: 2}
  RenderType: 0
  StartTime: 0
  MaxFps: 60
  DebugColor: {r: 1, g: 1, b: 1, a: 1}
  Depth: 0
  SpriteType: 4
  OriPoint: 0
  SpriteWidth: 1
  SpriteHeight: 1
  SpriteUVStretch: 0
  RandomOriScale: 1
  RandomOriRot: 1
  IsTowardZ: 0
  OriRotationMin: 0
  OriRotationMax: 360
  RotAffectorEnable: 1
  RotateType: 1
  DeltaRot: 0
  RotateCurve:
    serializedVersion: 2
    m_Curve:
    - time: 0
      value: 0
      inSlope: 0
      outSlope: 0
      tangentMode: 0
    - time: 1
      value: 360
      inSlope: 0
      outSlope: 0
      tangentMode: 0
    m_PreInfinity: 2
    m_PostInfinity: 2
  RotateCurveWrap: 0
  RotateCurveTime: 1
  RotateCurveMaxValue: 1
  RotateCurve01:
    serializedVersion: 2
    m_Curve:
    - time: 0
      value: 0
      inSlope: 0
      outSlope: 0
      tangentMode: 0
    - time: 1
      value: 1
      inSlope: 0
      outSlope: 0
      tangentMode: 0
    m_PreInfinity: 2
    m_PostInfinity: 2
  RotateSpeedMin: 0
  RotateSpeedMax: 0
  OriScaleXMin: 6
  OriScaleXMax: 6.5
  OriScaleYMin: 6
  OriScaleYMax: 6.5
  OriScaleZ: 1
  ScaleAffectorEnable: 0
  ScaleType: 0
  DeltaScaleX: 0
  DeltaScaleY: 0
  IsScaleZ: 0
  ScaleZCurveNew:
    serializedVersion: 2
    m_Curve:
    - time: 0
      value: 1
      inSlope: 0
      outSlope: 0
      tangentMode: 0
    - time: 1
      value: 1
      inSlope: 0
      outSlope: 0
      tangentMode: 0
    m_PreInfinity: 2
    m_PostInfinity: 2
  ScaleXCurve:
    serializedVersion: 2
    m_Curve:
    - time: 0
      value: 1
      inSlope: 0
      outSlope: 0
      tangentMode: 0
    - time: 1
      value: 5
      inSlope: 0
      outSlope: 0
      tangentMode: 0
    m_PreInfinity: 2
    m_PostInfinity: 2
  ScaleYCurve:
    serializedVersion: 2
    m_Curve:
    - time: 0
      value: 1
      inSlope: 0
      outSlope: 0
      tangentMode: 0
    - time: 1
      value: 5
      inSlope: 0
      outSlope: 0
      tangentMode: 0
    m_PreInfinity: 2
    m_PostInfinity: 2
  ScaleWrapMode: 0
  ScaleCurveTime: -1
  MaxScaleCalue: 1
  ScaleXCurveNew:
    serializedVersion: 2
    m_Curve:
    - time: 0
      value: 1
      inSlope: 0
      outSlope: 0
      tangentMode: 0
    - time: 1
      value: 1
      inSlope: 0
      outSlope: 0
      tangentMode: 0
    m_PreInfinity: 2
    m_PostInfinity: 2
  ScaleYCurveNew:
    serializedVersion: 2
    m_Curve:
    - time: 0
      value: 1
      inSlope: 0
      outSlope: 0
      tangentMode: 0
    - time: 1
      value: 1
      inSlope: 0
      outSlope: 0
      tangentMode: 0
    m_PreInfinity: 2
    m_PostInfinity: 2
  UseSameScaleCurve: 0
  DeltaScaleXMax: 0
  DeltaScaleYMax: 0
  ColorAffectorEnable: 1
  ColorAffectType: 0
  ColorGradualTimeLength: -1
  ColorGradualType: 1
  Color1: {r: 1, g: 1, b: 1, a: 1}
  Color2: {r: 0, g: 0, b: 0, a: 0}
  Color3: {r: 0, g: 0, b: 0, a: 0}
  Color4: {r: 0, g: 0, b: 0, a: 0}
  Color5: {r: 0, g: 0, b: 0, a: 0}
  ColorChangeType: 1
  ColorParam:
    Colors:
    - t: 0
      Color: {r: 0, g: 0, b: 0, a: 1}
  ColorGradualCurve:
    serializedVersion: 2
    m_Curve:
    - time: 0
      value: 0
      inSlope: 0
      outSlope: 0
      tangentMode: 0
    - time: 1
      value: 1
      inSlope: 0
      outSlope: 0
      tangentMode: 0
    m_PreInfinity: 2
    m_PostInfinity: 2
  RibbonWidth: 1
  MaxRibbonElements: 8
  RibbonLen: 15
  TailDistance: 0
  StretchType: 0
  FaceToObject: 0
  FaceObject: {fileID: 0}
  IsWeapon: 0
  IsScale: 0
  UseRandomRibbon: 0
  RibbonWidthMin: 1
  RibbonWidthMax: 1
  RibbonLenMin: 15
  RibbonLenMax: 15
  ConeSize: {x: 1, y: 1}
  ConeAngle: 0
  ConeSegment: 4
  UseConeAngleChange: 0
  ConeDeltaAngle:
    serializedVersion: 2
    m_Curve:
    - time: 0
      value: 0
      inSlope: 0
      outSlope: 0
      tangentMode: 0
    - time: 1
      value: 60
      inSlope: 0
      outSlope: 0
      tangentMode: 0
    m_PreInfinity: 2
    m_PostInfinity: 2
  CMesh: {fileID: 0}
  EmitType: 0
  BoxSize: {x: 0, y: 0, z: 0}
  EmitPoint: {x: 0, y: 0, z: 0}
  Radius: 0
  UseRandomCircle: 0
  CircleRadiusMin: 1
  CircleRadiusMax: 10
  CircleDir: {x: 0, y: 1, z: 0}
  EmitUniform: 0
  LineLengthLeft: -1
  LineLengthRight: 1
  MaxENodes: 10
  IsNodeLifeLoop: 1
  NodeLifeMin: 5
  NodeLifeMax: 10
  EmitWay: 0
  EmitterCurve:
    serializedVersion: 2
    m_Curve:
    - time: 0
      value: 0
      inSlope: 0
      outSlope: 0
      tangentMode: 0
    - time: 1
      value: 10
      inSlope: 0
      outSlope: 0
      tangentMode: 0
    m_PreInfinity: 2
    m_PostInfinity: 2
  DiffDistance: .100000001
  EmitMesh: {fileID: 0}
  EmitMeshType: 0
  IsBurstEmit: 1
  ChanceToEmit: 100
  EmitDuration: 1
  EmitRate: 1
  EmitLoop: -1
  EmitDelay: 0
  DirType: 0
  DirCenter: {fileID: 401892}
  OriVelocityAxis: {x: 0, y: 1, z: 0}
  AngleAroundAxis: 0
  UseRandomDirAngle: 0
  AngleAroundAxisMax: 0
  OriSpeed: 0
  AlwaysSyncRotation: 0
  IsRandomSpeed: 0
  SpeedMin: 0
  SpeedMax: 0
  JetAffectorEnable: 0
  JetMagType: 0
  JetMag: 0
  JetCurve:
    serializedVersion: 2
    m_Curve: []
    m_PreInfinity: 2
    m_PostInfinity: 2
  JetMin: 0
  JetMax: 0
  VortexAffectorEnable: 0
  VortexMagType: 0
  VortexMag: 1
  VortexMagMax: 1
  VortexCurve:
    serializedVersion: 2
    m_Curve: []
    m_PreInfinity: 2
    m_PostInfinity: 2
  VortexDirection: {x: 0, y: 1, z: 0}
  VortexInheritRotation: 1
  VortexObj: {fileID: 401892}
  IsFixedCircle: 0
  VortexTime: -1
  IsRandomVortexDir: 0
  IsVortexAccelerate: 0
  VortexAttenuation: 0
  UseVortexMaxDistance: 0
  VortexMaxDistance: 0
  UVRotAffectorEnable: 0
  RandomUVRotateSpeed: 0
  UVRotXSpeed: 0
  UVRotYSpeed: 0
  UVRotXSpeedMax: 0
  UVRotYSpeedMax: 0
  GravityAffectorEnable: 0
  GravityAftType: 0
  GravityMagType: 0
  GravityMag: 0
  GravityCurve:
    serializedVersion: 2
    m_Curve: []
    m_PreInfinity: 2
    m_PostInfinity: 2
  GravityDirection: {x: 0, y: 1, z: 0}
  GravityObject: {fileID: 401892}
  IsGravityAccelerate: 1
  IsSine: 0
  SineFreq: 1
  SineAffectorEnable: 0
  SineForce: {x: 0, y: 1, z: 0}
  ModifyPos: 1
  SineMaxFreq: 5
  SineMinFreq: 1
  AirAffectorEnable: 0
  AirObject: {fileID: 401892}
  AirMagType: 0
  AirMagnitude: 0
  AirMagCurve:
    serializedVersion: 2
    m_Curve: []
    m_PreInfinity: 2
    m_PostInfinity: 2
  AirDirection: {x: 0, y: 0, z: 0}
  AirAttenuation: 0
  AirUseMaxDistance: 0
  AirMaxDistance: 0
  AirEnableSpread: 0
  AirSpread: 0
  AirInheritVelocity: 0
  AirInheritRotation: 0
  BombAffectorEnable: 0
  BombObject: {fileID: 401892}
  BombType: 1
  BombDecayType: 0
  BombMagType: 0
  BombMagnitude: 0
  BombMagCurve:
    serializedVersion: 2
    m_Curve: []
    m_PreInfinity: 2
    m_PostInfinity: 2
  BombAxis: {x: 0, y: 0, z: 0}
  BombDecay: 0
  TurbulenceAffectorEnable: 0
  TurbulenceObject: {fileID: 401892}
  TurbulenceMagType: 0
  TurbulenceMagnitude: 0
  TurbulenceMagCurve:
    serializedVersion: 2
    m_Curve: []
    m_PreInfinity: 2
    m_PostInfinity: 2
  TurbulenceAttenuation: 0
  TurbulenceUseMaxDistance: 0
  TurbulenceMaxDistance: 0
  DragAffectorEnable: 0
  DragObj: {fileID: 401892}
  DragUseDir: 0
  DragDir: {x: 0, y: 1, z: 0}
  DragMag: 10
  DragUseMaxDist: 0
  DragMaxDist: 50
  DragAtten: 0
  UVAffectorEnable: 0
  UVType: 0
  OriTopLeftUV: {x: 0, y: 0}
  OriUVDimensions: {x: 1, y: 1}
  Cols: 1
  Rows: 1
  LoopCircles: -1
  UVTime: -1
  EanPath: none
  EanIndex: 0
  RandomStartFrame: 0
  UseCollisionDetection: 0
  ParticleRadius: 1
  CollisionType: 0
  CollisionAutoDestroy: 1
  EventReceiver: {fileID: 0}
  EventHandleFunctionName: ' '
  CollisionGoal: {fileID: 0}
  ColliisionPosRange: 0
  CollisionLayer:
    serializedVersion: 2
    m_Bits: 0
  JumpHeight: .300000012
  CollisionOffset: 0
  PlaneDir: {x: 0, y: 1, z: 0}
  PlaneOffset: {x: 0, y: 0, z: 0}
  UseSubEmitters: 0
  SpawnCache: {fileID: 0}
  BirthSubEmitter: 
  CollisionSubEmitter: 
  DeathSubEmitter: 
  AvailableNodeCount: 9
  LastClientPos: {x: 0, y: 0, z: 0}
  MyCamera: {fileID: 0}
  Owner: {fileID: 11401886}
  mStopped: 0
--- !u!114 &11401894
MonoBehaviour:
  m_ObjectHideFlags: 1
  m_PrefabParentObject: {fileID: 0}
  m_PrefabInternal: {fileID: 100100000}
  m_GameObject: {fileID: 101894}
  m_Enabled: 1
  m_EditorHideFlags: 0
  m_Script: {fileID: 11500000, guid: 4eaa492ec72a57543b3ace7c81409998, type: 3}
  m_Name: 
  m_EditorClassIdentifier: 
  VersionIdentifier1: 222
  ClientTransform: {fileID: 401894}
  SyncClient: 0
  Material: {fileID: 2100000, guid: a0a71071b3f984b768bf23c90dedbb11, type: 2}
  RenderType: 0
  StartTime: 0
  MaxFps: 60
  DebugColor: {r: 1, g: 1, b: 1, a: 1}
  Depth: 0
  SpriteType: 0
  OriPoint: 5
  SpriteWidth: 5
  SpriteHeight: 5
  SpriteUVStretch: 0
  RandomOriScale: 1
  RandomOriRot: 0
  IsTowardZ: 0
  OriRotationMin: 0
  OriRotationMax: 0
  RotAffectorEnable: 1
  RotateType: 1
  DeltaRot: 0
  RotateCurve:
    serializedVersion: 2
    m_Curve:
    - time: 0
      value: 0
      inSlope: 0
      outSlope: 0
      tangentMode: 0
    - time: 1
      value: 360
      inSlope: 0
      outSlope: 0
      tangentMode: 0
    m_PreInfinity: 2
    m_PostInfinity: 2
  RotateCurveWrap: 0
  RotateCurveTime: 1
  RotateCurveMaxValue: 1
  RotateCurve01:
    serializedVersion: 2
    m_Curve:
    - time: 0
      value: 0
      inSlope: 0
      outSlope: 0
      tangentMode: 0
    - time: 1
      value: 1
      inSlope: 0
      outSlope: 0
      tangentMode: 0
    m_PreInfinity: 2
    m_PostInfinity: 2
  RotateSpeedMin: 0
  RotateSpeedMax: 0
  OriScaleXMin: 1
  OriScaleXMax: 1.20000005
  OriScaleYMin: 1
  OriScaleYMax: 1.20000005
  OriScaleZ: 1
  ScaleAffectorEnable: 1
  ScaleType: 3
  DeltaScaleX: 0
  DeltaScaleY: 0
  IsScaleZ: 0
  ScaleZCurveNew:
    serializedVersion: 2
    m_Curve:
    - time: 0
      value: 1
      inSlope: 0
      outSlope: 0
      tangentMode: 0
    - time: 1
      value: 1
      inSlope: 0
      outSlope: 0
      tangentMode: 0
    m_PreInfinity: 2
    m_PostInfinity: 2
  ScaleXCurve:
    serializedVersion: 2
    m_Curve:
    - time: 0
      value: 1
      inSlope: 0
      outSlope: 0
      tangentMode: 0
    - time: 1
      value: 5
      inSlope: 0
      outSlope: 0
      tangentMode: 0
    m_PreInfinity: 2
    m_PostInfinity: 2
  ScaleYCurve:
    serializedVersion: 2
    m_Curve:
    - time: 0
      value: 1
      inSlope: 0
      outSlope: 0
      tangentMode: 0
    - time: 1
      value: 5
      inSlope: 0
      outSlope: 0
      tangentMode: 0
    m_PreInfinity: 2
    m_PostInfinity: 2
  ScaleWrapMode: 0
  ScaleCurveTime: -1
  MaxScaleCalue: .100000001
  ScaleXCurveNew:
    serializedVersion: 2
    m_Curve:
    - time: 0
      value: 1
      inSlope: 0
      outSlope: 0
      tangentMode: 0
    - time: .345070779
      value: .360135049
      inSlope: -.521485984
      outSlope: -.521485984
      tangentMode: 0
    - time: 1
      value: .175000072
      inSlope: 0
      outSlope: 0
      tangentMode: 0
    m_PreInfinity: 2
    m_PostInfinity: 2
  ScaleYCurveNew:
    serializedVersion: 2
    m_Curve:
    - time: 0
      value: .181249976
      inSlope: .818750024
      outSlope: .818750024
      tangentMode: 10
    - time: 1
      value: 1
      inSlope: .818750024
      outSlope: .818750024
      tangentMode: 10
    m_PreInfinity: 2
    m_PostInfinity: 2
  UseSameScaleCurve: 0
  DeltaScaleXMax: 0
  DeltaScaleYMax: 0
  ColorAffectorEnable: 1
  ColorAffectType: 0
  ColorGradualTimeLength: -1
  ColorGradualType: 1
  Color1: {r: 1, g: 1, b: 1, a: 1}
  Color2: {r: 0, g: 0, b: 0, a: 0}
  Color3: {r: 0, g: 0, b: 0, a: 0}
  Color4: {r: 0, g: 0, b: 0, a: 0}
  Color5: {r: 0, g: 0, b: 0, a: 0}
  ColorChangeType: 1
  ColorParam:
    Colors:
    - t: 0
      Color: {r: 0, g: 0, b: 0, a: 1}
    - t: .082491599
      Color: {r: 1, g: 1, b: 1, a: 1}
    - t: .651515007
      Color: {r: 1, g: .780391991, b: .247059003, a: 1}
    - t: 1
      Color: {r: 0, g: 0, b: 0, a: 1}
  ColorGradualCurve:
    serializedVersion: 2
    m_Curve:
    - time: 0
      value: 0
      inSlope: 0
      outSlope: 0
      tangentMode: 0
    - time: 1
      value: 1
      inSlope: 0
      outSlope: 0
      tangentMode: 0
    m_PreInfinity: 2
    m_PostInfinity: 2
  RibbonWidth: 1
  MaxRibbonElements: 8
  RibbonLen: 15
  TailDistance: 0
  StretchType: 0
  FaceToObject: 0
  FaceObject: {fileID: 0}
  IsWeapon: 0
  IsScale: 0
  UseRandomRibbon: 0
  RibbonWidthMin: 1
  RibbonWidthMax: 1
  RibbonLenMin: 15
  RibbonLenMax: 15
  ConeSize: {x: 1, y: 1}
  ConeAngle: 0
  ConeSegment: 4
  UseConeAngleChange: 0
  ConeDeltaAngle:
    serializedVersion: 2
    m_Curve:
    - time: 0
      value: 0
      inSlope: 0
      outSlope: 0
      tangentMode: 0
    - time: 1
      value: 60
      inSlope: 0
      outSlope: 0
      tangentMode: 0
    m_PreInfinity: 2
    m_PostInfinity: 2
  CMesh: {fileID: 0}
  EmitType: 3
  BoxSize: {x: 0, y: 0, z: 0}
  EmitPoint: {x: 0, y: .200000003, z: 0}
  Radius: 0
  UseRandomCircle: 1
  CircleRadiusMin: .5
  CircleRadiusMax: 1
  CircleDir: {x: 0, y: 1, z: 0}
  EmitUniform: 0
  LineLengthLeft: -1
  LineLengthRight: 1
  MaxENodes: 5
  IsNodeLifeLoop: 0
  NodeLifeMin: .300000012
  NodeLifeMax: .5
  EmitWay: 0
  EmitterCurve:
    serializedVersion: 2
    m_Curve:
    - time: 0
      value: 0
      inSlope: 0
      outSlope: 0
      tangentMode: 0
    - time: 1
      value: 10
      inSlope: 0
      outSlope: 0
      tangentMode: 0
    m_PreInfinity: 2
    m_PostInfinity: 2
  DiffDistance: .100000001
  EmitMesh: {fileID: 0}
  EmitMeshType: 0
  IsBurstEmit: 0
  ChanceToEmit: 100
  EmitDuration: 6
  EmitRate: 5
  EmitLoop: -1
  EmitDelay: 0
  DirType: 0
  DirCenter: {fileID: 401894}
  OriVelocityAxis: {x: 0, y: 1, z: 0}
  AngleAroundAxis: 0
  UseRandomDirAngle: 0
  AngleAroundAxisMax: 0
  OriSpeed: 0
  AlwaysSyncRotation: 0
  IsRandomSpeed: 0
  SpeedMin: 0
  SpeedMax: 0
  JetAffectorEnable: 0
  JetMagType: 0
  JetMag: 0
  JetCurve:
    serializedVersion: 2
    m_Curve: []
    m_PreInfinity: 2
    m_PostInfinity: 2
  JetMin: 0
  JetMax: 0
  VortexAffectorEnable: 0
  VortexMagType: 0
  VortexMag: 1
  VortexMagMax: 1
  VortexCurve:
    serializedVersion: 2
    m_Curve: []
    m_PreInfinity: 2
    m_PostInfinity: 2
  VortexDirection: {x: 0, y: 1, z: 0}
  VortexInheritRotation: 1
  VortexObj: {fileID: 401894}
  IsFixedCircle: 0
  VortexTime: -1
  IsRandomVortexDir: 0
  IsVortexAccelerate: 0
  VortexAttenuation: 0
  UseVortexMaxDistance: 0
  VortexMaxDistance: 0
  UVRotAffectorEnable: 0
  RandomUVRotateSpeed: 0
  UVRotXSpeed: 0
  UVRotYSpeed: 0
  UVRotXSpeedMax: 0
  UVRotYSpeedMax: 0
  GravityAffectorEnable: 0
  GravityAftType: 0
  GravityMagType: 0
  GravityMag: 0
  GravityCurve:
    serializedVersion: 2
    m_Curve: []
    m_PreInfinity: 2
    m_PostInfinity: 2
  GravityDirection: {x: 0, y: 1, z: 0}
  GravityObject: {fileID: 401894}
  IsGravityAccelerate: 1
  IsSine: 0
  SineFreq: 1
  SineAffectorEnable: 0
  SineForce: {x: 0, y: 1, z: 0}
  ModifyPos: 1
  SineMaxFreq: 5
  SineMinFreq: 1
  AirAffectorEnable: 0
  AirObject: {fileID: 401894}
  AirMagType: 0
  AirMagnitude: 0
  AirMagCurve:
    serializedVersion: 2
    m_Curve: []
    m_PreInfinity: 2
    m_PostInfinity: 2
  AirDirection: {x: 0, y: 0, z: 0}
  AirAttenuation: 0
  AirUseMaxDistance: 0
  AirMaxDistance: 0
  AirEnableSpread: 0
  AirSpread: 0
  AirInheritVelocity: 0
  AirInheritRotation: 0
  BombAffectorEnable: 0
  BombObject: {fileID: 401894}
  BombType: 1
  BombDecayType: 0
  BombMagType: 0
  BombMagnitude: 0
  BombMagCurve:
    serializedVersion: 2
    m_Curve: []
    m_PreInfinity: 2
    m_PostInfinity: 2
  BombAxis: {x: 0, y: 0, z: 0}
  BombDecay: 0
  TurbulenceAffectorEnable: 0
  TurbulenceObject: {fileID: 401894}
  TurbulenceMagType: 0
  TurbulenceMagnitude: 0
  TurbulenceMagCurve:
    serializedVersion: 2
    m_Curve: []
    m_PreInfinity: 2
    m_PostInfinity: 2
  TurbulenceAttenuation: 0
  TurbulenceUseMaxDistance: 0
  TurbulenceMaxDistance: 0
  DragAffectorEnable: 0
  DragObj: {fileID: 401894}
  DragUseDir: 0
  DragDir: {x: 0, y: 1, z: 0}
  DragMag: 10
  DragUseMaxDist: 0
  DragMaxDist: 50
  DragAtten: 0
  UVAffectorEnable: 1
  UVType: 1
  OriTopLeftUV: {x: 0, y: 0}
  OriUVDimensions: {x: 1, y: 1}
  Cols: 2
  Rows: 3
  LoopCircles: -1
  UVTime: 6
  EanPath: none
  EanIndex: 0
  RandomStartFrame: 1
  UseCollisionDetection: 0
  ParticleRadius: 1
  CollisionType: 0
  CollisionAutoDestroy: 1
  EventReceiver: {fileID: 0}
  EventHandleFunctionName: ' '
  CollisionGoal: {fileID: 0}
  ColliisionPosRange: 0
  CollisionLayer:
    serializedVersion: 2
    m_Bits: 0
  JumpHeight: .300000012
  CollisionOffset: 0
  PlaneDir: {x: 0, y: 1, z: 0}
  PlaneOffset: {x: 0, y: 0, z: 0}
  UseSubEmitters: 0
  SpawnCache: {fileID: 0}
  BirthSubEmitter: 
  CollisionSubEmitter: 
  DeathSubEmitter: 
  AvailableNodeCount: 3
  LastClientPos: {x: 0, y: 0, z: 0}
  MyCamera: {fileID: 0}
  Owner: {fileID: 11401886}
  mStopped: 0
--- !u!114 &11401896
MonoBehaviour:
  m_ObjectHideFlags: 1
  m_PrefabParentObject: {fileID: 0}
  m_PrefabInternal: {fileID: 100100000}
  m_GameObject: {fileID: 101896}
  m_Enabled: 1
  m_EditorHideFlags: 0
  m_Script: {fileID: 11500000, guid: 4eaa492ec72a57543b3ace7c81409998, type: 3}
  m_Name: 
  m_EditorClassIdentifier: 
  VersionIdentifier1: 222
  ClientTransform: {fileID: 401896}
  SyncClient: 0
  Material: {fileID: 2100000, guid: 3c2217da3932044c98ce7d38a83c02d8, type: 2}
  RenderType: 0
  StartTime: 0
  MaxFps: 60
  DebugColor: {r: 1, g: 1, b: 1, a: 1}
  Depth: 0
  SpriteType: 1
  OriPoint: 0
  SpriteWidth: 1
  SpriteHeight: 1
  SpriteUVStretch: 0
  RandomOriScale: 0
  RandomOriRot: 0
  IsTowardZ: 0
  OriRotationMin: 0
  OriRotationMax: 0
  RotAffectorEnable: 0
  RotateType: 0
  DeltaRot: 0
  RotateCurve:
    serializedVersion: 2
    m_Curve:
    - time: 0
      value: 0
      inSlope: 0
      outSlope: 0
      tangentMode: 0
    - time: 1
      value: 360
      inSlope: 0
      outSlope: 0
      tangentMode: 0
    m_PreInfinity: 2
    m_PostInfinity: 2
  RotateCurveWrap: 0
  RotateCurveTime: 1
  RotateCurveMaxValue: 1
  RotateCurve01:
    serializedVersion: 2
    m_Curve:
    - time: 0
      value: 0
      inSlope: 0
      outSlope: 0
      tangentMode: 0
    - time: 1
      value: 1
      inSlope: 0
      outSlope: 0
      tangentMode: 0
    m_PreInfinity: 2
    m_PostInfinity: 2
  RotateSpeedMin: 0
  RotateSpeedMax: 0
  OriScaleXMin: .5
  OriScaleXMax: .5
  OriScaleYMin: .5
  OriScaleYMax: .5
  OriScaleZ: 1
  ScaleAffectorEnable: 1
  ScaleType: 3
  DeltaScaleX: 0
  DeltaScaleY: 0
  IsScaleZ: 0
  ScaleZCurveNew:
    serializedVersion: 2
    m_Curve:
    - time: 0
      value: 1
      inSlope: 0
      outSlope: 0
      tangentMode: 0
    - time: 1
      value: 1
      inSlope: 0
      outSlope: 0
      tangentMode: 0
    m_PreInfinity: 2
    m_PostInfinity: 2
  ScaleXCurve:
    serializedVersion: 2
    m_Curve:
    - time: 0
      value: 1
      inSlope: 0
      outSlope: 0
      tangentMode: 0
    - time: 1
      value: 5
      inSlope: 0
      outSlope: 0
      tangentMode: 0
    m_PreInfinity: 2
    m_PostInfinity: 2
  ScaleYCurve:
    serializedVersion: 2
    m_Curve:
    - time: 0
      value: 1
      inSlope: 0
      outSlope: 0
      tangentMode: 0
    - time: 1
      value: 5
      inSlope: 0
      outSlope: 0
      tangentMode: 0
    m_PreInfinity: 2
    m_PostInfinity: 2
  ScaleWrapMode: 1
  ScaleCurveTime: -1
  MaxScaleCalue: 1
  ScaleXCurveNew:
    serializedVersion: 2
    m_Curve:
    - time: 0
      value: .272000015
      inSlope: 0
      outSlope: 0
      tangentMode: 0
    - time: .30399999
      value: .786000013
      inSlope: 0
      outSlope: 0
      tangentMode: 0
    - time: .586000025
      value: .971000016
      inSlope: 0
      outSlope: 0
      tangentMode: 0
    - time: 1
      value: .791000009
      inSlope: 0
      outSlope: 0
      tangentMode: 0
    m_PreInfinity: 2
    m_PostInfinity: 2
  ScaleYCurveNew:
    serializedVersion: 2
    m_Curve:
    - time: 0
      value: 1
      inSlope: 0
      outSlope: 0
      tangentMode: 0
    - time: 1
      value: 1
      inSlope: 0
      outSlope: 0
      tangentMode: 0
    m_PreInfinity: 2
    m_PostInfinity: 2
  UseSameScaleCurve: 1
  DeltaScaleXMax: 0
  DeltaScaleYMax: 0
  ColorAffectorEnable: 1
  ColorAffectType: 0
  ColorGradualTimeLength: -1
  ColorGradualType: 1
  Color1: {r: 1, g: 1, b: 1, a: 1}
  Color2: {r: 0, g: 0, b: 0, a: 0}
  Color3: {r: 0, g: 0, b: 0, a: 0}
  Color4: {r: 0, g: 0, b: 0, a: 0}
  Color5: {r: 0, g: 0, b: 0, a: 0}
  ColorChangeType: 1
  ColorParam:
    Colors:
    - t: 0
      Color: {r: 1, g: .388235003, b: .0117646996, a: 1}
    - t: .855219007
      Color: {r: 1, g: .690195978, b: .36470601, a: 1}
    - t: 1
      Color: {r: 0, g: 0, b: 0, a: 1}
  ColorGradualCurve:
    serializedVersion: 2
    m_Curve:
    - time: 0
      value: 0
      inSlope: 0
      outSlope: 0
      tangentMode: 0
    - time: 1
      value: 1
      inSlope: 0
      outSlope: 0
      tangentMode: 0
    m_PreInfinity: 2
    m_PostInfinity: 2
  RibbonWidth: 1
  MaxRibbonElements: 8
  RibbonLen: 15
  TailDistance: 0
  StretchType: 0
  FaceToObject: 0
  FaceObject: {fileID: 0}
  IsWeapon: 0
  IsScale: 0
  UseRandomRibbon: 0
  RibbonWidthMin: 1
  RibbonWidthMax: 1
  RibbonLenMin: 15
  RibbonLenMax: 15
  ConeSize: {x: 1, y: 1}
  ConeAngle: 0
  ConeSegment: 4
  UseConeAngleChange: 0
  ConeDeltaAngle:
    serializedVersion: 2
    m_Curve:
    - time: 0
      value: 0
      inSlope: 0
      outSlope: 0
      tangentMode: 0
    - time: 1
      value: 60
      inSlope: 0
      outSlope: 0
      tangentMode: 0
    m_PreInfinity: 2
    m_PostInfinity: 2
  CMesh: {fileID: 0}
  EmitType: 3
  BoxSize: {x: 0, y: 0, z: 0}
  EmitPoint: {x: 0, y: 0, z: 0}
  Radius: 0
  UseRandomCircle: 1
  CircleRadiusMin: 1
  CircleRadiusMax: 1
  CircleDir: {x: 0, y: 1, z: 0}
  EmitUniform: 0
  LineLengthLeft: -1
  LineLengthRight: 1
  MaxENodes: 6
  IsNodeLifeLoop: 0
  NodeLifeMin: 1
  NodeLifeMax: 1.5
  EmitWay: 0
  EmitterCurve:
    serializedVersion: 2
    m_Curve:
    - time: 0
      value: 0
      inSlope: 0
      outSlope: 0
      tangentMode: 0
    - time: 1
      value: 10
      inSlope: 0
      outSlope: 0
      tangentMode: 0
    m_PreInfinity: 2
    m_PostInfinity: 2
  DiffDistance: .100000001
  EmitMesh: {fileID: 0}
  EmitMeshType: 0
  IsBurstEmit: 0
  ChanceToEmit: 100
  EmitDuration: 6
  EmitRate: 4
  EmitLoop: -1
  EmitDelay: 0
  DirType: 1
  DirCenter: {fileID: 401896}
  OriVelocityAxis: {x: 0, y: 1, z: 0}
  AngleAroundAxis: 0
  UseRandomDirAngle: 1
  AngleAroundAxisMax: 20
  OriSpeed: 2
  AlwaysSyncRotation: 0
  IsRandomSpeed: 0
  SpeedMin: 0
  SpeedMax: 0
  JetAffectorEnable: 0
  JetMagType: 0
  JetMag: 0
  JetCurve:
    serializedVersion: 2
    m_Curve: []
    m_PreInfinity: 2
    m_PostInfinity: 2
  JetMin: 0
  JetMax: 0
  VortexAffectorEnable: 0
  VortexMagType: 0
  VortexMag: 1
  VortexMagMax: 1
  VortexCurve:
    serializedVersion: 2
    m_Curve: []
    m_PreInfinity: 2
    m_PostInfinity: 2
  VortexDirection: {x: 0, y: 1, z: 0}
  VortexInheritRotation: 1
  VortexObj: {fileID: 401896}
  IsFixedCircle: 0
  VortexTime: -1
  IsRandomVortexDir: 0
  IsVortexAccelerate: 0
  VortexAttenuation: 0
  UseVortexMaxDistance: 0
  VortexMaxDistance: 0
  UVRotAffectorEnable: 0
  RandomUVRotateSpeed: 0
  UVRotXSpeed: 0
  UVRotYSpeed: 0
  UVRotXSpeedMax: 0
  UVRotYSpeedMax: 0
  GravityAffectorEnable: 0
  GravityAftType: 0
  GravityMagType: 0
  GravityMag: 0
  GravityCurve:
    serializedVersion: 2
    m_Curve: []
    m_PreInfinity: 2
    m_PostInfinity: 2
  GravityDirection: {x: 0, y: 1, z: 0}
  GravityObject: {fileID: 401896}
  IsGravityAccelerate: 1
  IsSine: 0
  SineFreq: 1
  SineAffectorEnable: 0
  SineForce: {x: 0, y: 1, z: 0}
  ModifyPos: 1
  SineMaxFreq: 5
  SineMinFreq: 1
  AirAffectorEnable: 0
  AirObject: {fileID: 401896}
  AirMagType: 0
  AirMagnitude: 0
  AirMagCurve:
    serializedVersion: 2
    m_Curve: []
    m_PreInfinity: 2
    m_PostInfinity: 2
  AirDirection: {x: 0, y: 0, z: 0}
  AirAttenuation: 0
  AirUseMaxDistance: 0
  AirMaxDistance: 0
  AirEnableSpread: 0
  AirSpread: 0
  AirInheritVelocity: 0
  AirInheritRotation: 0
  BombAffectorEnable: 0
  BombObject: {fileID: 401896}
  BombType: 1
  BombDecayType: 0
  BombMagType: 0
  BombMagnitude: 0
  BombMagCurve:
    serializedVersion: 2
    m_Curve: []
    m_PreInfinity: 2
    m_PostInfinity: 2
  BombAxis: {x: 0, y: 0, z: 0}
  BombDecay: 0
  TurbulenceAffectorEnable: 0
  TurbulenceObject: {fileID: 401896}
  TurbulenceMagType: 0
  TurbulenceMagnitude: 0
  TurbulenceMagCurve:
    serializedVersion: 2
    m_Curve: []
    m_PreInfinity: 2
    m_PostInfinity: 2
  TurbulenceAttenuation: 0
  TurbulenceUseMaxDistance: 0
  TurbulenceMaxDistance: 0
  DragAffectorEnable: 0
  DragObj: {fileID: 401896}
  DragUseDir: 0
  DragDir: {x: 0, y: 1, z: 0}
  DragMag: 10
  DragUseMaxDist: 0
  DragMaxDist: 50
  DragAtten: 0
  UVAffectorEnable: 0
  UVType: 0
  OriTopLeftUV: {x: 0, y: 0}
  OriUVDimensions: {x: 1, y: 1}
  Cols: 1
  Rows: 1
  LoopCircles: -1
  UVTime: -1
  EanPath: none
  EanIndex: 0
  RandomStartFrame: 0
  UseCollisionDetection: 0
  ParticleRadius: 1
  CollisionType: 0
  CollisionAutoDestroy: 1
  EventReceiver: {fileID: 0}
  EventHandleFunctionName: ' '
  CollisionGoal: {fileID: 0}
  ColliisionPosRange: 0
  CollisionLayer:
    serializedVersion: 2
    m_Bits: 0
  JumpHeight: .300000012
  CollisionOffset: 0
  PlaneDir: {x: 0, y: 1, z: 0}
  PlaneOffset: {x: 0, y: 0, z: 0}
  UseSubEmitters: 0
  SpawnCache: {fileID: 0}
  BirthSubEmitter: 
  CollisionSubEmitter: 
  DeathSubEmitter: 
  AvailableNodeCount: 1
  LastClientPos: {x: 0, y: 0, z: 0}
  MyCamera: {fileID: 0}
  Owner: {fileID: 11401886}
  mStopped: 0
--- !u!1001 &100100000
Prefab:
  m_ObjectHideFlags: 1
  serializedVersion: 2
  m_Modification:
    m_TransformParent: {fileID: 0}
    m_Modifications: []
    m_RemovedComponents: []
  m_ParentPrefab: {fileID: 0}
  m_RootGameObject: {fileID: 101886}
  m_IsPrefabParent: 1
  m_IsExploded: 1
