%YAML 1.1
%TAG !u! tag:unity3d.com,2011:
--- !u!1 &195854
GameObject:
  m_ObjectHideFlags: 0
  m_PrefabParentObject: {fileID: 0}
  m_PrefabInternal: {fileID: 100100000}
  serializedVersion: 4
  m_Component:
  - 4: {fileID: 495854}
  m_Layer: 0
  m_Name: Dust Motes_vortexCenter
  m_TagString: Untagged
  m_Icon: {fileID: 0}
  m_NavMeshLayer: 0
  m_StaticEditorFlags: 0
  m_IsActive: 1
--- !u!1 &195856
GameObject:
  m_ObjectHideFlags: 0
  m_PrefabParentObject: {fileID: 0}
  m_PrefabInternal: {fileID: 100100000}
  serializedVersion: 4
  m_Component:
  - 4: {fileID: 495856}
  - 114: {fileID: 11495854}
  m_Layer: 0
  m_Name: Dust Motes
  m_TagString: Untagged
  m_Icon: {fileID: 0}
  m_NavMeshLayer: 0
  m_StaticEditorFlags: 0
  m_IsActive: 1
--- !u!1 &195858
GameObject:
  m_ObjectHideFlags: 0
  m_PrefabParentObject: {fileID: 0}
  m_PrefabInternal: {fileID: 100100000}
  serializedVersion: 4
  m_Component:
  - 4: {fileID: 495858}
  - 114: {fileID: 11495856}
  m_Layer: 0
  m_Name: dustMotes
  m_TagString: Untagged
  m_Icon: {fileID: 0}
  m_NavMeshLayer: 0
  m_StaticEditorFlags: 0
  m_IsActive: 1
--- !u!4 &495854
Transform:
  m_ObjectHideFlags: 1
  m_PrefabParentObject: {fileID: 0}
  m_PrefabInternal: {fileID: 100100000}
  m_GameObject: {fileID: 195854}
  m_LocalRotation: {x: 0, y: 0, z: 0, w: 1}
  m_LocalPosition: {x: 0, y: 0, z: 0}
  m_LocalScale: {x: 1, y: 1, z: 1}
  m_Children: []
  m_Father: {fileID: 495858}
  m_RootOrder: 1
--- !u!4 &495856
Transform:
  m_ObjectHideFlags: 1
  m_PrefabParentObject: {fileID: 0}
  m_PrefabInternal: {fileID: 100100000}
  m_GameObject: {fileID: 195856}
  m_LocalRotation: {x: 0, y: 0, z: 0, w: 1}
  m_LocalPosition: {x: 0, y: 0, z: 0}
  m_LocalScale: {x: 1, y: 1, z: 1}
  m_Children: []
  m_Father: {fileID: 495858}
  m_RootOrder: 0
--- !u!4 &495858
Transform:
  m_ObjectHideFlags: 1
  m_PrefabParentObject: {fileID: 0}
  m_PrefabInternal: {fileID: 100100000}
  m_GameObject: {fileID: 195858}
  m_LocalRotation: {x: 0, y: 0, z: 0, w: 1}
  m_LocalPosition: {x: 0, y: 0, z: 0}
  m_LocalScale: {x: 1, y: 1, z: 1}
  m_Children:
  - {fileID: 495856}
  - {fileID: 495854}
  m_Father: {fileID: 0}
  m_RootOrder: 0
--- !u!114 &11495854
MonoBehaviour:
  m_ObjectHideFlags: 1
  m_PrefabParentObject: {fileID: 0}
  m_PrefabInternal: {fileID: 100100000}
  m_GameObject: {fileID: 195856}
  m_Enabled: 1
  m_EditorHideFlags: 0
  m_Script: {fileID: 11500000, guid: 4eaa492ec72a57543b3ace7c81409998, type: 3}
  m_Name: 
  m_EditorClassIdentifier: 
  VersionIdentifier1: 222
  ClientTransform: {fileID: 495856}
  SyncClient: 0
  Material: {fileID: 2100000, guid: 3d388fb79aaf54479b27315a7c3710cf, type: 2}
  RenderType: 0
  StartTime: 0
  MaxFps: 60
  DebugColor: {r: 1, g: 1, b: 1, a: 1}
  Depth: 0
  SpriteType: 1
  OriPoint: 0
  SpriteWidth: 10
  SpriteHeight: 10
  SpriteUVStretch: 0
  RandomOriScale: 1
  RandomOriRot: 1
  IsTowardZ: 0
  OriRotationMin: 0
  OriRotationMax: 360
  RotAffectorEnable: 1
  RotateType: 4
  DeltaRot: 0
  RotateCurve:
    serializedVersion: 2
    m_Curve:
    - time: 0
      value: 0
      inSlope: 0
      outSlope: 0
      tangentMode: 0
    - time: 1
      value: 360
      inSlope: 0
      outSlope: 0
      tangentMode: 0
    m_PreInfinity: 2
    m_PostInfinity: 2
  RotateCurveWrap: 0
  RotateCurveTime: 1
  RotateCurveMaxValue: 1
  RotateCurve01:
    serializedVersion: 2
    m_Curve:
    - time: 0
      value: 0
      inSlope: 0
      outSlope: 0
      tangentMode: 0
    - time: 1
      value: 1
      inSlope: 0
      outSlope: 0
      tangentMode: 0
    m_PreInfinity: 2
    m_PostInfinity: 2
  RotateSpeedMin: -50
  RotateSpeedMax: 50
  OriScaleXMin: .150000006
  OriScaleXMax: .200000003
  OriScaleYMin: .150000006
  OriScaleYMax: .200000003
  OriScaleZ: 1
  ScaleAffectorEnable: 1
  ScaleType: 3
  DeltaScaleX: 0
  DeltaScaleY: 0
  IsScaleZ: 0
  ScaleZCurveNew:
    serializedVersion: 2
    m_Curve:
    - time: 0
      value: 1
      inSlope: 0
      outSlope: 0
      tangentMode: 0
    - time: 1
      value: 1
      inSlope: 0
      outSlope: 0
      tangentMode: 0
    m_PreInfinity: 2
    m_PostInfinity: 2
  ScaleXCurve:
    serializedVersion: 2
    m_Curve:
    - time: 0
      value: 1
      inSlope: 0
      outSlope: 0
      tangentMode: 0
    - time: 1
      value: 5
      inSlope: 0
      outSlope: 0
      tangentMode: 0
    m_PreInfinity: 2
    m_PostInfinity: 2
  ScaleYCurve:
    serializedVersion: 2
    m_Curve:
    - time: 0
      value: 1
      inSlope: 0
      outSlope: 0
      tangentMode: 0
    - time: 1
      value: 5
      inSlope: 0
      outSlope: 0
      tangentMode: 0
    m_PreInfinity: 2
    m_PostInfinity: 2
  ScaleWrapMode: 1
  ScaleCurveTime: -1
  MaxScaleCalue: 1
  ScaleXCurveNew:
    serializedVersion: 2
    m_Curve:
    - time: 0
      value: 0
      inSlope: 0
      outSlope: 0
      tangentMode: 0
    - time: .400000006
      value: 1
      inSlope: 0
      outSlope: 0
      tangentMode: 0
    - time: .600000024
      value: 1
      inSlope: 0
      outSlope: 0
      tangentMode: 0
    - time: 1
      value: 0
      inSlope: 0
      outSlope: 0
      tangentMode: 0
    m_PreInfinity: 2
    m_PostInfinity: 2
  ScaleYCurveNew:
    serializedVersion: 2
    m_Curve:
    - time: 0
      value: 1
      inSlope: 0
      outSlope: 0
      tangentMode: 0
    - time: 1
      value: 1
      inSlope: 0
      outSlope: 0
      tangentMode: 0
    m_PreInfinity: 2
    m_PostInfinity: 2
  UseSameScaleCurve: 1
  DeltaScaleXMax: 0
  DeltaScaleYMax: 0
  ColorAffectorEnable: 1
  ColorAffectType: 0
  ColorGradualTimeLength: -1
  ColorGradualType: 1
  Color1: {r: 1, g: 1, b: 1, a: 1}
  Color2: {r: 0, g: 0, b: 0, a: 0}
  Color3: {r: 0, g: 0, b: 0, a: 0}
  Color4: {r: 0, g: 0, b: 0, a: 0}
  Color5: {r: 0, g: 0, b: 0, a: 0}
  ColorChangeType: 1
  ColorParam:
    Colors:
    - t: 0
      Color: {r: 0, g: 0, b: 0, a: 1}
    - t: .102693997
      Color: {r: .388235003, g: .380391985, b: .254902005, a: 1}
    - t: .634679973
      Color: {r: .388235003, g: .380391985, b: .254902005, a: 1}
    - t: .717172027
      Color: {r: .235293999, g: .227450997, b: .149020001, a: 1}
    - t: .808080971
      Color: {r: .388235003, g: .380391985, b: .254902005, a: 1}
    - t: .937709987
      Color: {r: .388235003, g: .380391985, b: .254902005, a: 1}
    - t: 1
      Color: {r: 0, g: 0, b: 0, a: 1}
  ColorGradualCurve:
    serializedVersion: 2
    m_Curve:
    - time: 0
      value: 0
      inSlope: 0
      outSlope: 0
      tangentMode: 0
    - time: 1
      value: 1
      inSlope: 0
      outSlope: 0
      tangentMode: 0
    m_PreInfinity: 2
    m_PostInfinity: 2
  RibbonWidth: 1
  MaxRibbonElements: 8
  RibbonLen: 15
  TailDistance: 0
  StretchType: 0
  FaceToObject: 0
  FaceObject: {fileID: 0}
  IsWeapon: 0
  IsScale: 0
  UseRandomRibbon: 0
  RibbonWidthMin: 1
  RibbonWidthMax: 1
  RibbonLenMin: 15
  RibbonLenMax: 15
  ConeSize: {x: 1, y: 1}
  ConeAngle: 0
  ConeSegment: 4
  UseConeAngleChange: 0
  ConeDeltaAngle:
    serializedVersion: 2
    m_Curve:
    - time: 0
      value: 0
      inSlope: 0
      outSlope: 0
      tangentMode: 0
    - time: 1
      value: 60
      inSlope: 0
      outSlope: 0
      tangentMode: 0
    m_PreInfinity: 2
    m_PostInfinity: 2
  CMesh: {fileID: 0}
  EmitType: 1
  BoxSize: {x: 70, y: 5.5, z: 75}
  EmitPoint: {x: 0, y: 3, z: 0}
  Radius: 0
  UseRandomCircle: 0
  CircleRadiusMin: 1
  CircleRadiusMax: 10
  CircleDir: {x: 0, y: 1, z: 0}
  EmitUniform: 0
  LineLengthLeft: -1
  LineLengthRight: 1
  MaxENodes: 180
  IsNodeLifeLoop: 0
  NodeLifeMin: 15
  NodeLifeMax: 15
  EmitWay: 0
  EmitterCurve:
    serializedVersion: 2
    m_Curve:
    - time: 0
      value: 0
      inSlope: 0
      outSlope: 0
      tangentMode: 0
    - time: 1
      value: 10
      inSlope: 0
      outSlope: 0
      tangentMode: 0
    m_PreInfinity: 2
    m_PostInfinity: 2
  DiffDistance: .100000001
  EmitMesh: {fileID: 0}
  EmitMeshType: 0
  IsBurstEmit: 0
  ChanceToEmit: 100
  EmitDuration: 1
  EmitRate: 12
  EmitLoop: -1
  EmitDelay: 0
  DirType: 1
  DirCenter: {fileID: 495856}
  OriVelocityAxis: {x: 0, y: 1, z: 0}
  AngleAroundAxis: 90
  UseRandomDirAngle: 1
  AngleAroundAxisMax: 90
  OriSpeed: .0500000007
  AlwaysSyncRotation: 0
  IsRandomSpeed: 1
  SpeedMin: .0500000007
  SpeedMax: .100000001
  JetAffectorEnable: 0
  JetMagType: 0
  JetMag: 0
  JetCurve:
    serializedVersion: 2
    m_Curve: []
    m_PreInfinity: 2
    m_PostInfinity: 2
  JetMin: 0
  JetMax: 0
  VortexAffectorEnable: 1
  VortexMagType: 0
  VortexMag: .0250000004
  VortexMagMax: 1
  VortexCurve:
    serializedVersion: 2
    m_Curve: []
    m_PreInfinity: 2
    m_PostInfinity: 2
  VortexDirection: {x: 0, y: 1, z: 0}
  VortexInheritRotation: 1
  VortexObj: {fileID: 495854}
  IsFixedCircle: 0
  VortexTime: -1
  IsRandomVortexDir: 0
  IsVortexAccelerate: 1
  VortexAttenuation: 0
  UseVortexMaxDistance: 0
  VortexMaxDistance: 0
  UVRotAffectorEnable: 0
  RandomUVRotateSpeed: 0
  UVRotXSpeed: 0
  UVRotYSpeed: 0
  UVRotXSpeedMax: 0
  UVRotYSpeedMax: 0
  GravityAffectorEnable: 1
  GravityAftType: 0
  GravityMagType: 0
  GravityMag: .0905538499
  GravityCurve:
    serializedVersion: 2
    m_Curve: []
    m_PreInfinity: 2
    m_PostInfinity: 2
  GravityDirection: {x: .883452177, y: .331294566, z: -.331294566}
  GravityObject: {fileID: 495856}
  IsGravityAccelerate: 1
  IsSine: 0
  SineFreq: 1
  SineAffectorEnable: 0
  SineForce: {x: 0, y: 1, z: 0}
  ModifyPos: 1
  SineMaxFreq: 5
  SineMinFreq: 1
  AirAffectorEnable: 0
  AirObject: {fileID: 495856}
  AirMagType: 0
  AirMagnitude: 0
  AirMagCurve:
    serializedVersion: 2
    m_Curve: []
    m_PreInfinity: 2
    m_PostInfinity: 2
  AirDirection: {x: 0, y: 0, z: 0}
  AirAttenuation: 0
  AirUseMaxDistance: 0
  AirMaxDistance: 0
  AirEnableSpread: 0
  AirSpread: 0
  AirInheritVelocity: 0
  AirInheritRotation: 0
  BombAffectorEnable: 0
  BombObject: {fileID: 495856}
  BombType: 1
  BombDecayType: 0
  BombMagType: 0
  BombMagnitude: 0
  BombMagCurve:
    serializedVersion: 2
    m_Curve: []
    m_PreInfinity: 2
    m_PostInfinity: 2
  BombAxis: {x: 0, y: 0, z: 0}
  BombDecay: 0
  TurbulenceAffectorEnable: 0
  TurbulenceObject: {fileID: 495856}
  TurbulenceMagType: 0
  TurbulenceMagnitude: 0
  TurbulenceMagCurve:
    serializedVersion: 2
    m_Curve: []
    m_PreInfinity: 2
    m_PostInfinity: 2
  TurbulenceAttenuation: 0
  TurbulenceUseMaxDistance: 0
  TurbulenceMaxDistance: 0
  DragAffectorEnable: 0
  DragObj: {fileID: 495856}
  DragUseDir: 0
  DragDir: {x: 0, y: 1, z: 0}
  DragMag: 10
  DragUseMaxDist: 0
  DragMaxDist: 50
  DragAtten: 0
  UVAffectorEnable: 0
  UVType: 0
  OriTopLeftUV: {x: 0, y: 0}
  OriUVDimensions: {x: 1, y: 1}
  Cols: 1
  Rows: 1
  LoopCircles: -1
  UVTime: -1
  EanPath: none
  EanIndex: 0
  RandomStartFrame: 0
  UseCollisionDetection: 0
  ParticleRadius: 1
  CollisionType: 0
  CollisionAutoDestroy: 1
  EventReceiver: {fileID: 0}
  EventHandleFunctionName: ' '
  CollisionGoal: {fileID: 0}
  ColliisionPosRange: 0
  CollisionLayer:
    serializedVersion: 2
    m_Bits: 0
  JumpHeight: .300000012
  CollisionOffset: 0
  PlaneDir: {x: 0, y: 1, z: 0}
  PlaneOffset: {x: 0, y: 0, z: 0}
  UseSubEmitters: 0
  SpawnCache: {fileID: 0}
  BirthSubEmitter: 
  CollisionSubEmitter: 
  DeathSubEmitter: 
  AvailableNodeCount: 18
  LastClientPos: {x: 0, y: 0, z: 0}
  MyCamera: {fileID: 0}
  Owner: {fileID: 11495856}
  mStopped: 0
--- !u!114 &11495856
MonoBehaviour:
  m_ObjectHideFlags: 1
  m_PrefabParentObject: {fileID: 0}
  m_PrefabInternal: {fileID: 100100000}
  m_GameObject: {fileID: 195858}
  m_Enabled: 1
  m_EditorHideFlags: 0
  m_Script: {fileID: 11500000, guid: 31e31838b0476f14ea97697da6957b42, type: 3}
  m_Name: 
  m_EditorClassIdentifier: 
  LifeTime: -1
  IgnoreTimeScale: 0
  EditView: 0
  Scale: 1
--- !u!1001 &100100000
Prefab:
  m_ObjectHideFlags: 1
  serializedVersion: 2
  m_Modification:
    m_TransformParent: {fileID: 0}
    m_Modifications: []
    m_RemovedComponents: []
  m_ParentPrefab: {fileID: 0}
  m_RootGameObject: {fileID: 195858}
  m_IsPrefabParent: 1
  m_IsExploded: 1
