%YAML 1.1
%TAG !u! tag:unity3d.com,2011:
--- !u!1 &175520
GameObject:
  m_ObjectHideFlags: 0
  m_PrefabParentObject: {fileID: 0}
  m_PrefabInternal: {fileID: 100100000}
  serializedVersion: 4
  m_Component:
  - 4: {fileID: 475520}
  - 33: {fileID: 3375520}
  - 23: {fileID: 2375520}
  m_Layer: 0
  m_Name: building_mineoffice
  m_TagString: Untagged
  m_Icon: {fileID: 0}
  m_NavMeshLayer: 0
  m_StaticEditorFlags: 0
  m_IsActive: 1
--- !u!4 &475520
Transform:
  m_ObjectHideFlags: 1
  m_PrefabParentObject: {fileID: 0}
  m_PrefabInternal: {fileID: 100100000}
  m_GameObject: {fileID: 175520}
  m_LocalRotation: {x: -.707106709, y: -3.09086161e-08, z: 3.09086232e-08, w: .707106829}
  m_LocalPosition: {x: -0, y: 0, z: 0}
  m_LocalScale: {x: 1, y: 1, z: 1}
  m_Children: []
  m_Father: {fileID: 0}
  m_RootOrder: 0
--- !u!23 &2375520
Renderer:
  m_ObjectHideFlags: 1
  m_PrefabParentObject: {fileID: 0}
  m_PrefabInternal: {fileID: 100100000}
  m_GameObject: {fileID: 175520}
  m_Enabled: 1
  m_CastShadows: 1
  m_ReceiveShadows: 1
  m_LightmapIndex: 255
  m_LightmapTilingOffset: {x: 1, y: 1, z: 0, w: 0}
  m_Materials:
  - {fileID: 2100000, guid: 327a399b7967341868f45102a4059638, type: 2}
  - {fileID: 2100000, guid: f60960c1ac50b4377a3ef15f5ed217a7, type: 2}
  - {fileID: 2100000, guid: 78b44f176d75d45ecbad46e9b65cec6d, type: 2}
  - {fileID: 2100000, guid: 2c1c3333d5bf3468b8738faedeb0f973, type: 2}
  - {fileID: 2100000, guid: 556107cac90fe4afa91a19e9b81f4ed2, type: 2}
  - {fileID: 2100000, guid: 6de734e1c02324bc792fcee72edf02fb, type: 2}
  - {fileID: 2100000, guid: 76a0c9a12925349c49eec449c9cb28af, type: 2}
  - {fileID: 2100000, guid: 29270cd9f5d954ee4995509ae3bc31f8, type: 2}
  m_SubsetIndices: 
  m_StaticBatchRoot: {fileID: 0}
  m_UseLightProbes: 0
  m_LightProbeAnchor: {fileID: 0}
  m_ScaleInLightmap: 1
  m_SortingLayerID: 0
  m_SortingOrder: 0
--- !u!33 &3375520
MeshFilter:
  m_ObjectHideFlags: 1
  m_PrefabParentObject: {fileID: 0}
  m_PrefabInternal: {fileID: 100100000}
  m_GameObject: {fileID: 175520}
  m_Mesh: {fileID: 4300000, guid: 4f65be6587b2647a186af7418543a253, type: 3}
--- !u!1001 &100100000
Prefab:
  m_ObjectHideFlags: 1
  serializedVersion: 2
  m_Modification:
    m_TransformParent: {fileID: 0}
    m_Modifications: []
    m_RemovedComponents: []
  m_ParentPrefab: {fileID: 0}
  m_RootGameObject: {fileID: 175520}
  m_IsPrefabParent: 1
  m_IsExploded: 1
